@Book{brockett82,
	author =		{R. W. Brockett},
	title =		{New directions in applied mathematics},
	publisher =	{Springer-Verlag, New York},
	year =		{1982}
}

@Inproceedings{bloch89,
    author =		{A. M. Bloch and N. H. McClamroch},
    title = 		{Control of mechanical systems with classical nonholonomic constraint},
    booktitle = 	{American Conference on Decision and Control},
    address =		{Tampa, Florida},
    pages = 		{201--205},
    year = 		{1989}
}

@Inproceedings{samson91,
    author =		{C. Samson and K. Ait-Abderrahim},
    title = 		{Feedback control of a nonholonomic wheeled cart in cartesian space},
    booktitle = 	{IEEE Int. Conf. on Robotics and Automation},
    address =		{Sacramento, California},
    pages = 		{1136--1141},
    year = 		{1991}
}

@Article{canudas92,
    author =		{C. Canudas de Wit and O. J. S{\o}rdalen},
    title = 		{Exponential stabilization of mobile robots with nonholonomic constraints},
    journal = 		{IEEE Trans. Automatic Control},
    volume =		{37(11)},
    pages = 		{1791--1797},
    month =		{Nov},
    year = 		{1992}
}

@Article{yamamoto94,
    author =		{Y. Yamamoto and X. Yun},
    title = 		{Coordinating locomotion and manipulation of a mobile manipulator},
    journal = 		{IEEE Trans. Automatic Control},
    volume =		{39(6)},
    pages = 		{1326--1332},
    month =		{Jun},
    year = 		{1994}
}

@Article{murray97,
    author =		{R. T. McCloskey and R. M. Murray},
    title = 		{Exponential stabilization of driftless control systems using homogeneous feedback},
    journal = 		{IEEE Trans. Automatic Control},
    volume =		{42(5)},
    pages = 		{614--628},
    month =		{May},
    year = 		{1997}
}

@Article{oya03,
    author =		{M. Oya and C. Y. Su and R. Katoh},
    title = 		{Robust adaptive motion/force tracking control of uncertain nonholonomic mechanical systems},
    journal = 		{IEEE Trans. Robotics and Automation},
    volume =		{19(1)},
    pages = 		{175--181},
    month =		{Jun},
    year = 		{2003}
}

@Article{dixon04,
    author =		{W. E. Dixon and M. S. de Queiroz and D. M. Dawson and T. J. Flynn},
    title = 		{Adaptive tracking and regulation of a wheeled mobile robot with controller/update law modularity},
    journal = 		{IEEE Trans. Control Systems Technology},
    volume =		{12(1)},
    pages = 		{138--147},
    month =		{Jan},
    year = 		{2004}
}

@Article{bemporad02,
    author =		{A. Bemporad and F. Borrelli and M. Morari},
    title = 		{Model predictive control based on linear programming -- The explicit solution},
    journal = 		{IEEE Trans. Automatic Control},
    volume =		{47(12)},
    pages = 		{1974--1985},
    month =		{Dec},
    year = 		{2002}
}

@Article{mayne98,
    author =		{D. Q. Mayne and J. B. Rawlings and C. V. Rao and P. O. M. Scokaert},
    title = 		{Constrained model predictive control: Stability and optimality},
    journal = 		{Automatica},
    volume =		{36(6)},
    pages = 		{789--814},
    month =		{Jun},
    year = 		{2000}
}

@Incollection{cannon00,
	author =		{M. Cannon and B. Kouvaritakis},
	title =		{Continuous-time predictive control of constrained nonlinear systems},
	pages =		{205--215},
	booktitle =	{Nonlinear model predictive control, Progress in systems and control theory},
	volume =		{26},
	editor =		{F. Allg\"{o}wer and A. Zeng},
	publisher =	{Birkh\"{a}user Verlag},
	address =		{Basel/Switzerland},
	year =		{2000}
}

@Incollection{allgower99,
	author =		{F. Allgower and T. A. Badgwell and J. S. Qin and J. B. Rawlings and S. J. Wright},
	title =		{Nonlinear Predictive Control and Moving Horizon Estimation -- An Introductory Overview},
	pages =		{391--449},
	booktitle =	{Advances In Control: Highlights of ECC'99},
	editor =		{P. M. Frank},
	publisher =	{Springer-Verlag},
	address =		{New York},
	year =		{1999}
}

@Article{garcia89,
    author =		{C. E. Garc\'{i}a and D. M. Prett and M. Morari},
    title = 		{Model predictive control: Theory and practice -- A survey},
    journal = 		{Automatica},
    volume =		{25(3)},
    pages = 		{335--348},
    month =		{May},
    year = 		{1989}
}

@Inproceedings{ollero91,
    author =		{A. Ollero and O. Amidi},
    title = 		{Predictive path tracking of mobile robots. {A}pplication to the {CMU} {N}avlab},
    booktitle = 	{5th. IEEE Int. Conf. on Advanced Robotics},
    address =		{Pisa, Italy},
    pages = 		{1081--1086},
    year = 		{1991}
}

@Article{rico99,
    author =		{J. E. Normey-Rico and J. G\'{o}mez-Ortega and E. F. Camacho},
    title = 		{A {S}mith-predictor-based generalised predictive controller for mobile robot path-tracking},
    journal = 		{Control Engineering Practice},
    volume =		{7(6)},
    pages = 		{729--740},
    month =		{Jun},
    year = 		{1999}
}

@Inproceedings{essen01,
    author =		{H. V. Essen and H. Nijmeijer},
    title = 		{Non-linear model predictive control of constrained mobile robots},
    booktitle = 	{European Control Conference},
    address =		{Porto, Portugal},
    pages = 		{1157--1162},
    year = 		{2001}
}

@inproceedings{Dozio:2003,
	author=		"L. Dozio and P. Mantegazza",
	title=		"Linux Real Time Application Interface ({RTAI}) in low cost high performance motion control",
	booktitle=	"Proceedings of the Motion Control Conference",
	organization=	"Associazione Nazionale Italiana per l'Automazione",
	address=		"Milano, Italy",
	month=		"Mar",
	year=		"2003",
}

@Inproceedings{barraquand89,
    author =		{J. Barraquand and J-C Latombe},
    title = 		{On nonholonomic mobile robots and optimal maneuvering},
    booktitle = 	{4th. IEEE Int. Symp. on Intelligent Control},
    address =		{Albany, NY},
    pages = 		{340--347},
    year = 		{1989},
}

@Article{kolmanovsky95,
    author =		{I. Kolmanovsky and N. H. McClamroch},
    title =		{Developments in nonholonomic control problems},
    journal = 		{IEEE Control Systems Magazine},
    volume = 		{15(6)},
    pages = 		{20--36},
    month = 		{Dec},
    year = 		{1995},
}

@article{Campion:TRA-12-1,
	author="Campion, G. and Bastin, G. and D'Andr\'ea-Novel, B.",
	title="Structural Properties and Classification of Kinematic and Dynamical Models of Wheeled Mobile Robots",
	journal="{IEEE} Transactions on Robotics and Automation",
	volume="12",
	number="1",
	pages="47-62",
	month="Feb",
	year="1996"
}

@url{Aburto:flops-1992-dec,
	author="Al Aburto",
	title="{FLOPS} {C} Program (Double Precision) V2.0 18 Dec 1992",
	month="Dec",
	year="1992",
	url="ftp://ftp.nosc.mil/pub/aburto/flops"
}

@Article{henson98,
    author =		{Michael A. Hanson},
    title = 		{Nonlinear model predictive control: current status and future directions},
    journal = 		{Computers and Chemical Engineeri},
    volume =		{37(11)},
    pages = 		{1791--1797},
    month =		{Nov},
    year = 		{1992}
}