@Book{brockett82,
	author =		{R. W. Brockett},
	title =		{New directions in applied mathematics},
	publisher =	{Springer-Verlag, New York},
	year =		{1982}
}

@Inproceedings{bloch89,
    author =		{A. M. Bloch and N. H. McClamroch},
    title = 		{Control of mechanical systems with classical nonholonomic constraint},
    booktitle = 	{American Conference on Decision and Control},
    address =		{Tampa, Florida},
    pages = 		{201--205},
    year = 		{1989}
}

@Inproceedings{samson91,
    author =		{C. Samson and K. Ait-Abderrahim},
    title = 		{Feedback control of a nonholonomic wheeled cart in cartesian space},
    booktitle = 	{IEEE Int. Conf. on Robotics and Automation},
    address =		{Sacramento, California},
    pages = 		{1136--1141},
    year = 		{1991}
}

@Article{canudas92,
    author =		{C. Canudas de Wit and O. J. S\o rdalen},
    title = 		{Exponential stabilization of mobile robots with nonholonomic constraints},
    journal = 		{IEEE Trans. Automatic Control},
    volume =		{37(11)},
    pages = 		{1791--1797},
    month =		{nov.},
    year = 		{1992}
}

@Article{yamamoto94,
    author =		{Y. Yamamoto and X. Yun},
    title = 		{Coordinating locomotion and manipulation of a mobile manipulator},
    journal = 		{IEEE Trans. Automatic Control},
    volume =		{39(6)},
    pages = 		{1326--1332},
    month =		{jun.},
    year = 		{1994}
}

@Article{murray97,
    author =		{R. T. McCloskey and R. M. Murray},
    title = 		{Exponential stabilization of driftless control systems using homogeneous feedback},
    journal = 		{IEEE Trans. Automatic Control},
    volume =		{42(5)},
    pages = 		{614--628},
    month =		{may},
    year = 		{1997}
}

@Article{oya03,
    author =		{M. Oya and C. Y. Su and R. Katoh},
    title = 		{Robust adaptive motion/force tracking control of uncertain nonholonomic mechanical systems},
    journal = 		{IEEE Trans. Robotics and Automation},
    volume =		{19(1)},
    pages = 		{175--181},
    month =		{jun.},
    year = 		{2003}
}

@Article{dixon04,
    author =		{W. E. Dixon and M. S. de Queiroz and D. M. Dawson and T. J. Flynn},
    title = 		{Adaptive tracking and regulation of a wheeled mobile robot with controller/update law modularity},
    journal = 		{IEEE Trans. Control Systems Technology},
    volume =		{12(1)},
    pages = 		{138--147},
    month =		{jan.},
    year = 		{2004}
}

@Article{bemporad02,
    author =		{A. Bemporad and F. Borrelli and M. Morari},
    title = 		{Model predictive control based on linear programming -- The explicit solution},
    journal = 		{IEEE Trans. Automatic Control},
    volume =		{47(12)},
    pages = 		{1974--1985},
    month =		{dec.},
    year = 		{2002}
}

@Article{mayne98,
    author =		{D. Q. Mayne and J. B. Rawlings and C. V. Rao and P. O. M. Scokaert},
    title = 		{Constrained model predictive control: Stability and optimality},
    journal = 		{Automatica},
    volume =		{36(6)},
    pages = 		{789--814},
    month =		{jun.},
    year = 		{2000}
}

@Incollection{cannon00,
	author =		{M. Cannon and B. Kouvaritakis},
	title =		{Continuous-time predictive control of constrained nonlinear systems},
	pages =		{205--215},
	booktitle =	{Nonlinear model predictive control, Progress in systems and control theory},
	volume =		{26},
	editor =		{F. Allg\"{o}wer and A. Zeng},
	publisher =	{Birkh\"{a}user Verlag},
	address =		{Basel/Switzerland},
	year =		{2000}
}

@Incollection{allgower99,
	author =		{F. Allgower and T. A. Badgwell and J. S. Qin and J. B. Rawlings and S. J. Wright},
	title =		{Nonlinear Predictive Control and Moving Horizon Estimation -- An Introductory Overview},
	pages =		{391--449},
	booktitle =	{Advances In Control: Highlights of ECC'99},
	editor =		{P. M. Frank},
	publisher =	{Springer-Verlag},
	address =		{New York},
	year =		{1999}
}

@Article{garcia89,
    author =		{C. E. Garc\'{i}a and D. M. Prett and M. Morari},
    title = 		{Model predictive control: Theory and practice -- A survey},
    journal = 		{Automatica},
    volume =		{25(3)},
    pages = 		{335--348},
    month =		{may},
    year = 		{1989}
}

@Inproceedings{ollero91,
    author =		{A. Ollero and O. Amidi},
    title = 		{Predictive path tracking of mobile robots. Application to the CMU Navlab},
    booktitle = 	{5th. IEEE Int. Conf. on Advanced Robotics},
    address =		{Pisa, Italy},
    pages = 		{1081--1086},
    year = 		{1991}
}

@Article{rico99,
    author =		{J. E. Normey-Rico and J. G\'{o}mez-Ortega and E. F. Camacho},
    title = 		{A Smith-predictor-based generalised predictive controller for mobile robot path-tracking},
    journal = 		{Control Engineering Practice},
    volume =		{7(6)},
    pages = 		{729--740},
    month =		{jun.},
    year = 		{1999}
}

@Inproceedings{essen01,
    author =		{H. V. Essen and H. Nijmeijer},
    title = 		{Non-linear model predictive control of constrained mobile robots},
    booktitle = 	{European Control Conference},
    address =		{Porto, Portugal},
    pages = 		{1--12},
    year = 		{2001}
}
