@Book{brockett82,
	author =		"Brockett, R. W.",
	title =		"New directions in applied mathematics",
	publisher =	"Springer-Verlag, New York",
	year =		"1982"
}

@Inproceedings{bloch89,
    author =		"Bloch, A. M. and McClamroch, N. H.",
    title = 		"Control of mechanical systems with classical nonholonomic constraints",
    booktitle = 	"Conference on Decision and Control",
    address =		"Tampa, Florida",
    pages = 		"201--205",
    year = 		"1989"
}

@Inproceedings{samson91,
    author =		"Samson,C. and Ait-Abderrahim, K.",
    title = 		"Feedback control of a nonholonomic wheeled cart in cartesian space",
    booktitle = 	"IEEE International Conference on Robotics and Automation",
    address =		"Sacramento, California",
    pages = 		"1136--1141",
    year = 		"1991"
}

@Article{canudas92,
    author =		"Canudas de Wit,C. and S{\o}rdalen, O. J.",
    title = 		"Exponential stabilization of mobile robots with nonholonomic constraints",
    journal = 		"IEEE Transactions on Automatic Control",
    volume =		"37(11)",
    pages = 		"1791--1797",
    month =		"Nov.",
    year = 		"1992"
}

@Article{yamamoto94,
    author =		"Yamamoto, Y. and Yun, X.",
    title = 		"Coordinating locomotion and manipulation of a mobile manipulator",
    journal = 		"IEEE Transactions on Automatic Control",
    volume =		"39(6)",
    pages = 		"1326--1332",
    month =		"Jun.",
    year = 		"1994"
}

@Article{murray97,
    author =		"McCloskey, R. T. and Murray, R. M.",
    title = 		"Exponential stabilization of driftless control systems using homogeneous feedback",
    journal = 		"IEEE Transactions on Automatic Control",
    volume =		"42(5)",
    pages = 		"614--628",
    month =		"May.",
    year = 		"1997"
}

@Article{oya03,
    author =		"Oya, M. and Su, C. Y. and Katoh, R.",
    title = 		"Robust adaptive motion/force tracking control of uncertain nonholonomic mechanical systems",
    journal = 		"IEEE Transactions on Robotics and Automation",
    volume =		"19(1)",
    pages = 		"175--181",
    month =		"Jun.",
    year = 		"2003"
}

@Article{dixon04,
    author =		"Dixon, W. E. and de Queiroz, M. S. and Dawson, D. M. and Flynn, T. J.",
    title = 		"Adaptive tracking and regulation of a wheeled mobile robot with controller/update law modularity",
    journal = 		"IEEE Transactions on Control Systems Technology",
    volume =		"12(1)",
    pages = 		"138--147",
    month =		"Jan.",
    year = 		"2004"
}

@Article{bemporad02,
    author =		"Bemporad, A. and Borrelli, F. and Morari, M.",
    title = 		"Model predictive control based on linear programming -- {T}he explicit solution",
    journal = 		"IEEE Transactions on Automatic Control",
    volume =		"47(12)",
    pages = 		"1974--1985",
    month =		"Dec.",
    year = 		"2002"
}

@Incollection{cannon00,
	author =		"Cannon, M. and Kouvaritakis, B.",
	title =		"Continuous-time predictive control of constrained nonlinear systems",
	pages =		"205--215",
	booktitle =	"Nonlinear model predictive control, Progress in systems and control theory",
	volume =		"26",
	editor =		"F. Allg{\"{o}}wer and A. Zeng",
	publisher =	"Birkh{\"{a}}user Verlag",
	address =		"Basel/Switzerland",
	year =		"2000"
}

@Incollection{allgower99,
	author =		"Allg{\"{o}}wer, F. and Badgwell, T. A. and Qin, J. S. and Rawlings, J. B. and Wright, S. J.",
	title =		"Nonlinear Predictive Control and Moving Horizon Estimation -- An Introductory Overview",
	pages =		"391--449",
	booktitle =	"Advances {I}n {C}ontrol: {H}ighlights of {ECC}'99",
	editor =		"P. M. Frank",
	publisher =	"Springer-Verlag",
	address =		"New York",
	year =		"1999"
}

@Article{garcia89,
    author =		"Garc\'{i}a, C. E. and Prett, D. M. and Morari, M.",
    title = 		"Model predictive control: Theory and practice -- A survey",
    journal = 		"Automatica",
    volume =		"25(3)",
    pages = 		"335--348",
    month =		"May.",
    year = 		"1989"
}

@Inproceedings{ollero91,
    author =		"Ollero, A. and Amidi, O.",
    title = 		"Predictive path tracking of mobile robots. {A}pplication to the {CMU} {N}avlab",
    booktitle = 	"5th IEEE International Conference on Advanced Robotics",
    address =		"Pisa, Italy",
    pages = 		"1081--1086",
    year = 		"1991"
}

@Article{rico99,
    author =		"Normey-Rico, J. E. and J. G\'{o}mez-Ortega and E. F. Camacho",
    title = 		"A {S}mith-predictor-based generalised predictive controller for mobile robot path-tracking",
    journal = 		"Control Engineering Practice",
    volume =		"7(6)",
    pages = 		"729--740",
    month =		"Jun.",
    year = 		"1999"
}

@Inproceedings{essen01,
    author =		"Essen, H. V. and Nijmeijer, H.",
    title = 		"Non-linear model predictive control of constrained mobile robots",
    booktitle = 	"European Control Conference",
    address =		"Porto, Portugal",
    pages = 		"1157--1162",
    year = 		"2001"
}

@inproceedings{Dozio:2003,
	author =		"Dozio, L. and Mantegazza, P.",
	title =		"Linux Real Time Application Interface ({RTAI}) in low cost high performance motion control",
	booktitle =	"Proceedings of the Motion Control Conf.",
	organization =	"Associazione Nazionale Italiana per l'Automazione",
	address =		"Milano, Italy",
	month =		"Mar.",
	year =		"2003",
}

@Inproceedings{barraquand89,
    author =		"Barraquand, J. and Latombe, J-C",
    title = 		"On nonholonomic mobile robots and optimal maneuvering",
    booktitle = 	"4th IEEE International Symposium on Intelligent Control",
    address =		"Albany, NY",
    pages = 		"340--347",
    year = 		"1989",
}

@Article{kolmanovsky95,
    author =		"Kolmanovsky, I. and McClamroch, N. H.",
    title =		"Developments in nonholonomic control problems",
    journal = 		"IEEE Control Systems Magazine",
    volume = 		"15(6)",
    pages = 		"20--36",
    month = 		"Dec.",
    year = 		"1995",
}

@article{Campion:TRA-12-1,
	author =		"Campion, G. and Bastin, G. and D'Andr\'ea-Novel, B.",
	title =		"Structural Properties and Classification of Kinematic and Dynamical Models of Wheeled Mobile Robots",
	journal =		"{IEEE} Transactions on Robotics and Automation",
	volume =		"12",
	number =		"1",
	pages =		"47--62",
	month =		"Feb.",
	year =		"1996"
}

@Misc{aburto92,
	author =		"Al Aburto",
	title =		"{FLOPS} {C} Program (Double Precision) {V}2.0 18 Dec 1992",
	month =		"Dec.",
	year =		"1992",
	note = 		"Available at \url{ftp://ftp.nosc.mil/pub/aburto/flops}. Acessed in Jan. 2005."
}

@Article{henson98,
    author =		"Henson, M. A.",
    title = 		"Nonlinear model predictive control: current status and future directions",
    journal = 		"Computers and Chemical Engineering",
    volume =		"23(2)",
    pages = 		"187--202",
    month =		"Dec.",
    year = 		"1998"
}

@Article{mayne00,
    author =		"Mayne, D. Q. and Rawlings, J. B. and Rao, C. V. and Scokaert, P. O. M.",
    title = 		"Constrained model predictive control: stability and optimality",
    journal = 		"Automatica",
    volume =		"36(6)",
    pages = 		"789--814",
    month =		"Jun.",
    year = 		"2000"
}

@Article{chen98,
    author =		"Chen, H. and Allg{\"{o}}wer, F.",
    title = 		"A quasi-infinite horizon nonlinear model predictive control scheme with guaranteed stability",
    journal = 		"Automatica",
    volume =		"34(10)",
    pages = 		"1205--1217",
    month =		"Oct.",
    year = 		"1998"
}

@Book{sontag90,
	author =		"Sontag, E. D.",
	title =		"Mathematical Control Theory. Deterministic Finite Dimensional Systems",
	publisher =	"Springer-Verlag, New York",
	year =		"1990"
}

@Book{camacho99,
	author =		"Camacho, E. F. and Bordons, C.",
	title =		"Model {P}redictive {C}ontrol",
	publisher =	"Springer-Verlag, London",
	year =		"1999"
}

@Article(ortega96,
    author =		"J. Gómez-Ortega and E. F. Camacho",
    title =		"Mobile Robot Navigation in a Partially Structured Static Environment Using Neural Predictive Control",
    journal =		"Control Engineering Practice",
    volume =		"4",
    number =		"12",
    pages =		"1669--1679",
    month =		"Dec.",
    year =		"1996",
    address =		"Oxford"
)

@Inproceedings(yang98,
    author =		"X. Yang and K. He and M. Guo and B. Zhang",
    title =		"An Intelligent Predictive Control Approach to Path Tracking Problem of Autonomous Mobile Robot",
    booktitle =	"Proceedings of the IEEE International Conference on Systems, Man, and Cybernetics",
    address =		"San Diego, CA",
    month =		"Oct.",
    year =		"1998"
)

@Mastersthesis(kuhne05,
    author =		"F. Kühne",
    title =		"Predictive Control of Nonholonomic Mobile Robots (in portuguese)",
    school =		"Universidade Federal do Rio Grande do Sul",
    type=			{Dissertation (M.Sc.)},
    address =		"Porto Alegre, Brazil",
    month =		"Mar.",
    year =		"2005"
)

@Phdthesis(lages98a,
    author = 		"W. F. Lages",
    title = 		"Control and Estimation of the Position and Orientation of Mobile Robots (in portuguese)",
    school = 		"Instituto Tecnológico de Aeronáutica",
    type =		{Thesis ({D.Sc.})},
    year = 		"1998",
    address =		"São José dos Campos, Brazil"
)

@Inproceedings(lages98b,
    author =		"W. F. Lages and E. F. Hemerly",
    title =		"Smooth Time-Invariant Control of Wheeled Mobile Robots",
    booktitle =	"Proceedings of the 13rd International Congress on Systems Science",
    address =		"Wroc\l aw, Poland",
    month =		"Set.",
    year =		"1998"
)