@STRING(TAC = "IEEE Transactions on Automatic Control")
@STRING(TRA = "IEEE Transactions on Robotics and Automation")
@STRING(CSM = "IEEE Control Systems Magazine")
@STRING(RAM = "IEEE Robotics \& Automation Magazine")
@STRING(ICRA = "IEEE International Conference on Robotics and Automation")
@STRING(ACDC = "IEEE American Conference on Decision and Control")
@STRING(ECDC = "IEEE European Conference on Decision and Control")
@STRING(TSMC_A = "IEEE Transactions on Systems, Man and Cybernetics, Part A")
@STRING(TSMC_B = "IEEE Transactions on Systems, Man and Cybernetics, Part B")
@STRING(TSMC_C = "IEEE Transactions on Systems, Man and Cybernetics, Part C")


@INPROCEEDINGS(soroush1,
    author = "M. Soroush and C. Kravaris",
    title = "Short horizon nonlinear model predictive control",
    booktitle = "4th. IEEE Conference on Control Applications",
    pages = {943--948},
    year = "1995"
)

@INPROCEEDINGS(oliveira1,
    author = "S. L. de Oliveira and M. Morari",
    title = "Robust model predictive control for nonlinear systems",
    booktitle = ACDC,
    pages = {3561--3566},
    month = "december",
    year = "1994"
)

@INPROCEEDINGS(poignet1,
    author = "Ph. Poignet and M. Gautier",
    title = "Nonlinear model predictive control of a robot manipulator",
    booktitle = "6th. IEEE International Workshop on Advanced Motion Control",
    pages = {401--406},
    year = "2000"
)

@INPROCEEDINGS(quevedo1,
    author = "D. E. Quevedo and M. E. Salgado",
    title = "Robustification of model predictive control",
    booktitle = "IEEE Conference on Decision and Control",
    address = "Sydney",
    pages = {178--180},
    month = "december",
    year = "2000"
)

@INPROCEEDINGS(michalska1,
    author = "H. Michalska and D. Q. Mayne",
    title = "Robust receding horizon control of constrained nonlinear systems",
    booktitle = ACDC,
    pages = {2091--2096},
    month = "december",
    year = "1997"
)

@INPROCEEDINGS(zheng1,
    author = "A. Zheng and M. Morari",
    title = "Stability of model predictive control with soft constraints",
    booktitle = ACDC,
    pages = {1018--1023},
    month = "december",
    year = "1994"
)

@INPROCEEDINGS(badgwell1,
    author = "T. A. Badgwell",
    title = "A robust model predictive control algorithm for stable linear plants",
    booktitle = "American Control Conference",
    pages = {1618--1622},
    month = "june",
    year = "1997"
)

@INPROCEEDINGS(nevistic1,
    author = "V. Nevistic and J. A. Primbs",
    title = "Model predictive control: breaking through constraints",
    booktitle = "Conference on Decision and Control",
    address = "Kobe, Japan",
    pages = {3932--3937},
    month = "december",
    year = "1996"
)

@INPROCEEDINGS(primbs1,
    author = "J. A. Primbs and V. Nevistic",
    title = "MPC extensions to feedback linearizable systems",
    booktitle = "American Control Conference",
    pages = {2073--2077},
    month = "june",
    year = "1997"
)

@INPROCEEDINGS(roberts1,
    author = "P. D. Roberts",
    title = "A brief overview of model predictive control",
    booktitle = "IEEE Two-day Workshop on Model Predictive Control: Techniques and Applications",
    year = "1999"
)

@INPROCEEDINGS(rawlings2,
    author = "J. B. Rawlings",
    title = "Tutorial: Model predictive control",
    booktitle = "American Control Conference",
    pages = {662--676},
    month = "june",
    year = "1999"
)

@INPROCEEDINGS(muske1,
    author = "K. R. Muske",
    title = "Steady-state target optimization in linear model predictive control",
    booktitle = "American Control Conference",
    pages = {3597--3601},
    month = "june",
    year = "1997"
)

@INPROCEEDINGS(primbs2,
    author = "J. A. Primbs and V. Nevistic",
    title = "Innovation in industrial model predictive control",
    booktitle = "IEE Seminar on Practical Experiences with Predictive Control",
    year = "2000"
)

@INPROCEEDINGS(martin1,
    author = "G. Martin",
    title = "Nonlinear model predictive control",
    booktitle = "American Control Conference",
    pages = {677--678},
    month = "june",
    year = "1999"
)

@INPROCEEDINGS(chen1,
    author = "W.-H. Chen and D. J. Balance and J. O'Reilly",
    title = "Model predictive controlof nonlinear systems: Computational burden and stability",
    booktitle = "IEEE Control Theory and Applications",
    volume = "147(4)",
    pages = {387--394},
    month = "july",
    year = "2000"
)

@INPROCEEDINGS(chikkula1,
    author = "Y. Chikkula and J. H. Lee",
    title = "Robust model predictive control of nonlinear systems using input-output models",
    booktitle = "American Control Conference",
    pages = {2205--2209},
    month = "june",
    year = "1995"
)

@INPROCEEDINGS(chai1,
    author = "L. Chai and Y.-X. Sun and Y.-Y. Cao",
    title = "Model predictive control for uncertain systems",
    booktitle = "American Control Conference",
    pages = {3261--3265},
    month = "june",
    year = "1998"
)

@INPROCEEDINGS(cannon1,
    author = "M. Cannon and B. Kouvaritakis and A. C. Brooms and Y.I. Lee",
    title = "efficient nonlinear model predictive control",
    booktitle = "American Control Conference",
    pages = {255--259},
    month = "june",
    year = "2000"
)

@INPROCEEDINGS(aoyama1,
    author = "A. Aoyama and G. Bell and S. P. Walsh",
    title = "Implementation issues in quadratic model predictive control",
    booktitle = "American Control Conference",
    pages = {3375--3379},
    month = "june",
    year = "1997"
)

@ARTICLE(garcia1,
    author = "C. E. García and D. M. Prett and M. Morari",
    title = "Model predictive control: theory and practice--a survey",
    journal = "Automatica",
    volume = "25(3)",
    pages = {335--348},
    year = "1989"
)

@ARTICLE(gawthrop1,
    author = "P. Gawthrop and E. Ronco",
    title = "Predictive pole-placement control with linear models",
    journal = "Automatica",
    volume = "38",
    pages = {421--432},
    year = "2002"
)

@ARTICLE(bemporad1,
    author = "A. Bemporad and M. Morari and V. Dua and E. N. Pistikopoulos",
    title = "The explicit linear quadratic regulator for constrained systems",
    journal = "Automatica",
    volume = "38",
    pages = {3--20},
    year = "2002"
)

@ARTICLE(magni1,
    author = "L. Magni and G. De Nicolao and R. Scattolini",
    title = "Output feedback and tracking of nonlinear systems with model predictive control",
    journal = "Automatica",
    volume = "37",
    pages = {1601--1607},
    year = "2001"
)

@ARTICLE(kouvaritakis1,
    author = "B. Kouvaritakis and M. Cannon and J. A. Rossiter",
    title = "Who needs QP for linear MPC anyway?",
    journal = "Automatica",
    volume = "38",
    pages = {879--884},
    year = "2002"
)

@ARTICLE(mayne3,
    author = "D. Q. Mayne and J. B. Rawlings and C. V. Rao and P. O. M. Scokaert",
    title = "Constrained model predictive control: stability and optimality",
    journal = "Automatica",
    volume = "36",
    pages = {789--814},
    year = "2000"
)

@ARTICLE(favier1,
    author = "G. Favier and D. Dubois",
    title = "A review of {\em k}-step-ahead predictors",
    journal = "Automatica",
    volume = "26(1)",
    pages = {75--84},
    year = "1990"
)

@ARTICLE(cheng1,
    author = "X. Cheng and B. H. Krogh",
    title = "Stability constrained model predictive control for nonlinear systems",
    journal = ACDC,
    volume = "25(3)",
    pages = {335--348},
    year = "1989"
)

@ARTICLE(rawlings1,
    author = "J. B. Rawlings",
    title = "Tutorial overview of model predictive control",
    journal = "IEEE Control Systems Magazine",
    pages = {38--52},
    month = "june",
    year = "2000"
)

@ARTICLE(kelly1,
    author = "A. Kelly and A. Stentz",
    title = "An approach to rough terrain autonomous mobility",
    journal = "International Journal of Autonomous Robots",
    month = "february",
    year = "1997"
)

@ARTICLE(camacho1,
    author = "J. E. Normey-Rico and Juán Gomez-Ortega and E. F. Camacho",
    title = "A Smith-predictor based generalized predictive controller for mobile robot path tracking",
    journal = "Control Engineerings Practice",
    volume = "7",
    month = "february",
    year = "1999"
)

@BOOK(camacho2,
    author = "E. F. Camacho and C. Bordons",
    title = "Model predictive control",
    publisher = "Springer-Verlag",
    address = "London",
    year = "1998",
    isbn = "3-540-76241-8"
)

@INBOOK(allgower1,
    author = "F. Allgöwer and T. A. Badgwell and J. S. Qin and J. B. Rawlings",
    title = "Advances in Control - Highlights of ECC'99",
    chapter = "12: Nonlinear Predictive Control and Moving Horizon Estimation - An Introductory Overview",
    pages = "391--449",
    publisher = "Springer-Verlag",
    year = "1999"
)

@TECHREPORT(stenman1,
    author = "A. Stenman",
    title = "Model-free predictive control",
    institution = "Automatic Control Group",
    address = "Linköping, Sweden",
    month = "august",
    year = "1999"
)

@TECHREPORT(lofberg1,
    author = "J. Löfberg",
    title = "Approximations of closed-loop minimax MPC",
    institution = "Control \& Communication Group",
    address = "Linköping, Sweden",
    month = "april",
    year = "2003"
)

@TECHREPORT(lofberg2,
    author = "J. Löfberg",
    title = "Minimax MPC for systems with uncertain input gain -- revisited",
    institution = "Automatic Control Group",
    address = "Linköping, Sweden",
    month = "june",
    year = "2001"
)

@TECHREPORT(lofberg3,
    author = "J. Löfberg",
    title = "Nonlinear receding horizon control: stability without stabilizing constraints",
    institution = "Automatic Control Group",
    address = "Linköping, Sweden",
    month = "june",
    year = "2001"
)

@TECHREPORT(kelly2,
    author = "A. Kelly",
    title = "An intelligent predictive controller for autonomous vehicles",
    institution = "The robotics Institute, Carnegie Mellon University",
    address = "Pittsburgh",
    month = "may",
    year = "1994"
)

@UNPUBLISHED(mayne1,
    author = "D. Q. Mayne and J. B. Rawlings and C. V. Rao and P. O. M. Scokaert",
    title = "Model predictive control: A review",
    month = "may",
    year = "1998"
)

@UNPUBLISHED(rfindeisen2,
    author = "R. Findeisen and L. Imsland and F. Allgöwer and B. Foss",
    title = "Towards a sampled-data theory for nonlinear model predictive control",
    year = "2003"
)

@UNPUBLISHED(alvarez1,
    author = "T. Alvarez and F. Tadeo and D. Megias",
    title = "Constrained predictive control of robotic manipulators using on-line linearized models",
    year = "2000"
)

@TECHREPORT(mayne2,
    author = "D. Q. Mayne",
    title = "Model predictive control of constrained N/L systems: stability and inverse optimality",
    institution = "Imperial College of Science, Technology and Medicine",
    address = "UC Santa Barbara",
    month = "may",
    year = "1999"
)

@TECHREPORT(rfindeisen1,
    author = "R. Findeisen and F. Allgöwer",
    title = "An introduction to nonlinear model predictive control",
    institution = "Institute for Systems Theory in Engineering, University of Stuttgart",
    address = "Stuttgart, Germany"
)

@TECHREPORT(essen1,
    author = "H. V. Essen and H. Nijmeijer",
    title = "Nonlinear model predictive control of constrained mobile robots",
    institution = "Technische Universiteit Eindhoven",
    address = "Eindhoven, The Netherlands",
    year = "2000"
)
