@Inproceedings(campion91a,
    author =		"G. Campion and G. Bastin and B. D'AndrÉa-Novel",
    title =		"Modelling and Control of Nonholonomic Wheeled Mobile Robots",
    booktitle =	"Proceedings of the IEEE International Conference on Robotics and Automation",
    publisher =	"Piscataway, IEEE",
    pages =		"1130--1135",
    address =		"Sacramento, {CA}",
    month =		"Apr.",
    year =		"1991"
)

@Inproceedings(campion91b,
    author =		"G. Campion and G. Bastin and B. D'AndrÉa-Novel",
    title =		"Modelling and State Feedback Control of Nonholonomic Mechanical Systems",
    booktitle =	"Proceedings of the 30th IEEE Conference on Decision and Control",
    pages = 		"1184--1189",
    address =		"Brighton, England",
    publisher =	"Piscataway, IEEE",
    month = 		"Dec.",
    year = 		"1991"
)

@Inproceedings(campion92,
    author =		"G. Campion and G. Bastin and B. D'AndrÉa-Novel",
    title =		"Dynamic Feedback Linearization of Nonholonomic Wheeled Mobile Robots",
    booktitle =	"Proceedings of the IEEE International Conference on Robotics and Automation",
    publisher =	"Piscataway, IEEE",
    pages =		"2527--2532",
    address =		"Nice, France",
    month =		"May",
    year =		"1992"
)

@Article(campion96,
    author =		"G. Campion and G. Bastin and B. D'AndrÉa-Novel",
    title =		"Structural Properties and Classifications of Kinematic and Dynamic Models of Wheeled Mobile Robots",
    journal =		"IEEE Transactions on Robotics and Automation",
    volume =		"12",
    number =		"1",
    pages =		"47--62",
    month =		"Feb.",
    year =		"1996",
    address =		"New York"
)

@Inproceedings(latombe89,
    author =		"J. Barraquand and J. C. Latombe",
    title =		"On Nonholonomic Mobile Robots and Optimal Maneuvering",
    booktitle =	"Proceedings of the IEEE International Symposium on Intelligent Control",
    publisher =	"Piscataway, IEEE",
    pages =		"340--347",
    address =		"Albany, {NY}",
    month =		"Sep.",
    year =		"1989"
)

%    author =		"C. {CANUDAS DE WIT} and O. J. S{\o}rdalen",
@Article{canudas92,
    author =		"WIT, Carlos Canudas and O. J. S{\o}rdalen",    
    title = 		"Exponential Stabilization of Mobile Robots with Nonholonomic Constraints",
    journal = 		"IEEE Transactions on Automatic Control",
    volume =		"37",
    number =		"11",
    address =		"New York",
    pages = 		"1791--1797",
    month =		"Nov.",
    year = 		"1992"
}

%    author =		"C. {CANUDAS DE WIT} and H. Berghuis and H. Nijmeijer",
@Inproceedings(canudas94,
    author =		"WIT, Carlos Canudas and H. Berghuis and H. Nijmeijer",  
    title =		"Practical Stabilization of Nonlinear Systems in Chained Form",
    booktitle =	"Proceedings of the 33rd IEEE Conference on Decision and Control",
    publisher =	"Piscataway, IEEE",
    pages =		"3475--3480",
    volume =		"4",
    address =		"Lake Buena Vista, FL",
    month =		"Dec.",
    year =		"1994"
)

%    author = 		"W. Oelen and H. Berghuis and H Nijmeijer and C. {CANUDAS DE WIT}",
%    author = 		"C. {CANUDAS DE WIT} and others",
@Article(canudas95,
    author = 		"WIT, Carlos Canudas and others",
    title = 		"Hybrid Stabilizing Control on a Real Mobile Robot",
    journal = 		"IEEE Robotics \& Automation Magazine",
    pages = 		"16--23",
    volume = 		"2",
    number =		"2",
    month = 		"June",
    year = 		"1995",
    address =		"New York"
)
@Article(bloch92,
    author = 		"A. M. Bloch and M. Reyhanoglu and N. H. McClamroch",
    title = 		"Control and Stabilization of Nonholonomic Dynamic Systems",
    journal = 		"IEEE Transactions on Automatic Control",
    volume = 		"37",
    number =		"11",
    pages = 		"1746--1757",
    month = 		"Nov.",
    year = 		"1992",
    address =		"New York"
)

@Inproceedings(bloch89,
    author = 		"A. M. Bloch and N. H. McClamroch",
    title = 		"Control of Mechanical Systems with Classical Nonholonomic Constraints",
    booktitle =	"Proceedings of the 28th IEEE Conference on Decision and Control",
    pages = 		"201--205",
    publisher =	"Piscataway, IEEE",
    address =		"Tampa, FL",
    month = 		"Dec.",
    year = 		"1989"
)

@Article(kolmanovsky95,
    author = 		"I. Kolmanovsky and N. H. McClamroch",
    title = 		"Developments in Nonholonomic Control Problems",
    journal = 		"IEEE Control Systems Magazine",
    volume = 		"15",
    number =		"6",
    pages = 		"20--36",
    month = 		"Dec.",
    year = 		"1995",
    address =		"New York"
)

@Article(yun98,
    author = 		"X. Yun and N. Sarkar",
    title = 		"Unified Formulation of Robotic Systems with Holonomic and Nonholonomic Constraints",
    journal = 		"IEEE Transactions on Robotics and Automation",
    volume = 		"14",
    number =		"4",
    pages = 		"640--650",
    month = 		"Aug.",
    year = 		"1998",
    address =		"New York"
)

@Article(schraft94,
    author = 		"R. D. Schraft",
    title =		"Mechatronics and Robotics for Service Applications",
    journal = 		"IEEE Robotics \& Automation Magazine",
    volume = 		"1",
    number =		"4",
    pages =		"31--35",
    month = 		"Dec.",
    year = 		"1994",
    address =		"New York"
)

@Mastersthesis(chaves00,
    author =		"L. F. Chaves",
    title =		"Projeto, Construção, Modelagem e Controle de um Robô Móvel",
    school =		"Pontifícia Universidade Católica do Rio Grande do Sul",
    type=			"Dissertação (Mestrado em engenharia elétrica)",
    address =		"Porto Alegre, RS",
    month =		"Nov.",
    year =		"2000"
    
)

@Phdthesis(lages98a,
    author = 		"W. F. Lages",
    title = 		"Controle e Estimação de Posição e Orientação de Robôs Móveis",
    school = 		"Instituto Tecnológico de Aeronáutica",
    type =		"Tese (Doutorado em engenharia eletrônica e computação)",
    year = 		"1998",
    address =		"São José dos Campos, SP"
)

@Inproceedings(siciliano98,
    author = 		"B. Siciliano",
    title = 		"Control in Robotics: open problems and Future directions",
    booktitle = 	"Proceedings of the IEEE International Conference on Control Applications",
    publisher =	"Piscataway, IEEE",
    pages = 		"81--84",
    address =		"Trieste, Italy",
    month = 		"Sep.",
    year = 		"1998"
)

@Inproceedings(aguiar00,
    author = 		"A. P. Aguiar and A. N. Atassi and A. M. Pascoal",
    title = 		"Regulation of a Nonholonomic Dynamic Wheeled Mobile Robot with Parametric Uncertainty using Lyapunov Functions",
    booktitle = 	"Proceedings of the 39th IEEE Conference on Decision and Control",
    publisher =	"Piscataway, IEEE",
    address = 		"Sydney, Australia",
    month = 		"Dec.",
    year = 		"2000"
)

@Article(jiang96,
    author = 		"Z. P. Jiang and J. B. Pomet",
    title = 		"Global Stabilization of Parametric Chained-Form Systems by Time-Varying Dynamic Feedback",
    journal = 		"International Journal of Adaptive Control and Signal Processing",
    volume = 		"10",
    pages = 		"47--59",
    year = 		"1996"
)

@Phdthesis(sordalen93a,
    author = 		"O. J. S{\o}rdalen",
    title = 		"Feedback Control of Nonholonomic Mobile Robots",
    school = 		"The Norwegian Institute of Technology, Trondheim, Norway",
    type =		"Tese (Dr. ing.)",
    adsress =		"Trondheim, Norway",
    year = 		"1993"
)

@Inproceedings(sordalen93b,
    author = 		"O. J. S{\o}rdalen",
    title = 		"Conversion of the Kinematics of a Car with $n$ Trailers Into a Chained Form",
    booktitle = 	"Proceedings of the IEEE International Conference on Robotics and Automation",
    publisher =	"Piscataway, IEEE",
    address =		"Atlanta, GA",
    month =		"May",
    pages =		"382--387",
    year = 		"1993"
)


@Article(oya03,
    author = 		"M. Oya and C. H. Yu and R. Katoh",
    title = 		"Robust Adaptive Motion/Force Tracking Control of Uncertain Nonholonomic Mechanical Systems",
    journal = 		"IEEE Transactions on Robotics and Automation",
    volume = 		"19",
    number =		"1",
    pages = 		"175--181",
    month = 		"Feb.",
    year = 		"2003",
    address =		"New York"
)

@Inproceedings(kanayama90,
    author = 		"Y. Kanayama and Y. Kimuand F. Miyazaki and T. Noguchi",
    title = 		"A Stable Tracking Control Method for an Autonomous Mobile Robot",
    booktitle = 	"Proceedings of the IEEE International Conference on Robotics and Automation",
    publisher =	"Piscataway, IEEE",
    address =		"Cincinnati, OH",
    month =		"May",
    year = 		"1990"
)

@Inproceedings(do02,
    author = 		"K. D. Do and Z. P. Jiang and J. Pan",
    title = 		"A Universal Saturation Controller Design for Mobile Robots",
    booktitle =	"Proceedings of the 41st IEEE Conference on Decision and Control",
    pages = 		"2044--2049",
    publisher=		"Piscataway, IEEE",
    address =		"Las Vegas, NV",
    month = 		"Dec.",
    year = 		"2002"
)

@Inproceedings(asensio02,
    author = 		"J. R. Asensio and L. Montano",
    title = 		"A Kinematic and Dynamic Model-based Motion Controller for Mobile Robots",
    booktitle = 	"Proceedings of the 15th IFAC Triennial World Congress",
    publisher =	"Barcelona, IFAC",
    address =		"Barcelona, Spain",
    month = 		"July",   
    year = 		"2002"
)

%	author =		"C. Tar{Í}n and H. Brugger and B. Tibken and E. P. Hofer",
@Inproceedings(tarin99,
    author =		"C. Tar{Í}n and others",
    title =		"Adaptive Self-Tunning Path Control System for an Autonomous Mobile Robot",
    booktitle =	"Proceedings of the 38th IEEE Conference on Decision and Control",
    publisher =	"Piscataway, IEEE",
    pages = 		"3886--3887",
    address =		"Phoenix, AZ",
    month = 		"Dec.",
    year = 		"1999"
)

%	author = 		"C. TarÍn and H. Brugger and B. Tibken and E. P. Hofer",
@Inproceedings(tarin00,
    author = 		"C. TarÍn and others",
    title = 		"Optimal Feedback Position Control for an Autonomous Mobile Robot",
    booktitle =	"Proceedings of the 31th IEEE Conference on Decision and Control",
    publisher =	"Piscataway, IEEE",
    pages = 		"1491--1492",
    address =		"Tucson, AZ",
    month = 		"June",
    year = 		"2000"
)

@Inproceedings(samson91a,
    author = 		"C. Samson and K. Ait-Abderrahim",
    title = 		"Feedback Stabilization of a Nonholonomic Wheeled Mobile Robot",
    booktitle = 	"Proceedings of the IEEE/RSJ International Workshop on Intelligent Robots and Systems",
    publisher =	"Piscataway, IEEE",
    pages = 		"1242--1247",
    address =		"Osaka, Japan",
    month = 		"Nov.",
    year = 		"1991"
)

@Article(dong01,
    author = 		"W. Dong and W. L. Xu",
    title = 		"Adaptive Tracking Control of Uncertain Nonholonomic Dynamic System",
    journal = 		"IEEE Transactions on Automatic Control",
    volume = 		"46",
    number =		"3",
    pages = 		"450--454",
    month = 		"Mar.",
    year = 		"2001",
    address =		"New York"
)

@Article(yang99,
    author = 		"J. M. Yang and J. H. Kim",
    title = 		"Sliding Mode Control for Trajectory Tracking of Nonholonmic Wheeled Mobile Robots",
    journal = 		"IEEE Transactions on Robotics and Automation",
    volume = 		"15",
    number =		"3",
    pages = 		"578--587",
    month = 		"June",
    year = 		"1999",
    address =		"New York" 
)

@Article(su94,
    author = 		"C. Y. Su and Y. Stepanenko",
    title = 		"Robust Motion/Force Control of Mechanical Systems with Classical Nonholonomic Constraints",
    journal = 		"IEEE Transactions on Automatic Control",
    volume = 		"39",
    number =		"3",
    pages = 		"609--614",
    month = 		"Mar.",
    year = 		"1994",
    address =		"New York"
)

@TECHREPORT(ribeiro02,
    author = 		"M. I. Ribeiro and P. Lima",
    title = 		"Nonlinear Control of Wheeled Mobile Robots",
    institution = 	"Instituto Superior Técnico",
    address = 		"Lisboa, Portugal",
    month = 		"May",
    year = 		"2002",
    note = 		"Disponível on-line em: \url{http://omni.isr.ist.utl.pt/~mir/cadeiras/robmovel/Guidance.pdf}. Acesso em Nov. 2003"
)

@Inproceedings(murray90,
    author = 		"R. M. Murray and S. S. Sastry",
    title = 		"Steering Nonholonomic Systems Using Sinusoids",
    booktitle = 	"Proceedings of the 29th IEEE Conference on Decision and Control",
    publisher =	"Piscataway, IEEE",
    pages = 		"2097--2101",
    address =		"Phoenix, AZ",
    month = 		"Dec.",
    year = 		"1990"
)

@Inproceedings(lee99,
    author = 		"T. C. Lee and C. H. Lee and C. C. Teng",
    title = 		"Adaptive Tracking Control of Nonholonomic Mobile Robots by Computed Torque",
    booktitle = 	"Proceedings of the 38th IEEE Conference on Decision and Control",
    publisher =	"Piscataway, IEEE",
    pages = 		"1254--1259",
    address =		"Phoenix, AZ",
    month = 		"Dec.",
    year = 		"1999"
)

@Inproceedings(indivieri99,
    author = 		"G. Indivieri",
    title = 		"Kinematic Time-Invariant Control of a 2D Nonholonomic Vehicle",
    booktitle = 	"Proceedings of the 38th IEEE Conference on Decision and Control",
    publisher =	"Piscataway, IEEE",
    pages = 		"2112--2117",
    address =		"Phoenix, AZ",
    month = 		"Dec.",
    year = 		"1999"
)

@Article(fukao00,
    author = 		"T. Fukao and H. Nakagawa and N. Adachi",
    title = 		"Adaptive Tracking Control of a Nonholonomic Mobile Robot",
    journal = 		"IEEE Transactions on Automatic Control",
    volume = 		"16",
    number =		"5",
    pages = 		"609--615",
    month = 		"Oct.",
    year = 		"2000",
    address =		"New York"
)

@Article(fierro98,
    author = 		"R. Fierro and F. L. Lewis",
    title = 		"Control of a Nonholonomic Mobile Robot Using Neural Networks",
    journal = 		"IEEE Transactions on Neural Networks",
    volume = 		"9",
    number =		"4",
    pages = 		"589--600",
    month = 		"May",
    year = 		"1998",
    address =		"New York"
)

%	author = 		"W. Wu and H. Chen and Y. Wang and P. Woo",
@Inproceedings(wu99,
    author = 		"W. Wu and others",
    title = 		"Adaptive Exponential Stabilization of Mobile Robots with Uncertainties",
    booktitle = 	"Proceedings of the 38th IEEE Conference on Decision and Control",
    publisher =	"Piscataway, IEEE",
    pages = 		"3484--3489",
    month = 		"Dec.",
    year = 		"1999",
    address =		"Phoenix, AZ"
)

@Book(khalil96,
    author = 		"H. K. Khalil",
    title = 		"Nonlinear Systems",
    publisher = 	"Prentice Hall",
    address =		"Upper Saddle River, NJ",
    edition = 		"2",
    year = 		"1996"
)

@Inproceedings(teel92,
    author =		"A. R. Teel and R. M Murray and G. Walsh",
    title =		"Nonholonomic Control Systems: from steering to stabilization with sinusoids",
    booktitle =	"Proceedings of the 31st IEEE Conference on Decision and Control",
    publisher =	"Piscataway, IEEE",
    address =		"Tucson, AZ",
    pages =		"1603--1609",
    month =		"Dec.",
    year =		"1992"
)

%	author = 		"J. B. Pomet and B. Thuilot and G. Bastin and G. Campion",
@Inproceedings(pomet92,
    author = 		"J. B. Pomet and others",
    title = 		"A Hybrid Strategy for the Feedback Stabilization of Nonholonomic Mobile Robots",
    booktitle = 	"Proceedings of the IEEE International Conference on Robotics and Automation",
    publisher =	"Piscataway, IEEE",
    pages = 		"129--134",
    address =		"Nice, France",
    month = 		"May",
    year = 		"1992"
)

@Article(samson95,
    author = 		"C. Samson",
    title = 		"Control of Chained Systems: application to path following and time-varying point-stabilization of mobile robots",
    journal = 		"IEEE Transactions on Automatic Control",
    volume = 		"40",
    number =		"1",
    pages = 		"64--77",
    month = 		"Jan.",
    year = 		"1995",
    address =		"New York"
    
)

@Inproceedings(sarkar93,
    author = 		"N. Sarkar and X. Yun and V. Kumar",
    title = 		"Dynamic Path Following: a new control algorithm for mobile robots",
    booktitle = 	"Proceedings of the 32nd IEEE Conference on Decision and Control",
    publisher =	"Piscataway, IEEE",
    pages = 		"2670--2675",
    address =		"San Antonio, TX",
    month = 		"Dec.",
    year = 		"1993"
)

@Inproceedings(pascoal02,
    author =		"P. EncarnaÇÃo and A. Pascoal",
    title =		"Combined Trajectory Tracking and Path Following Control for Dynamic Wheeled Mobile Robots",
    booktitle =	"Proceedings of the 15th IFAC Triennial World Congress",
    publisher =	"Barcelona, IFAC",
    address =		"Barcelona, Spain",
    month = 		"July",
    year = 		"2002"
)

@Inproceedings(deng93,
    author = 		"Z. Deng and M. Brady",
    title = 		"Dynamic Tracking of a Wheeled Mobile Robot",
    booktitle = 	"Proceedings of the IEEE/RSJ International Conference on Intelligent Robots and Systems",
    publisher =	"Piscataway, IEEE",
    pages = 		"1295--1298",
    address =		"Yokohama, Japan",
    month = 		"July",
    year = 		"1993"
)

%	author = 		"W. E. Dixon and D. M. Dawson and F. Zhang and E. Zergeroglu",
@Inproceedings(dixon99,
    author = 		"W. E. Dixon and others",
    title = 		"Global Exponential Setpoint Control of Mobile Robots",
    booktitle = 	"Proceedings of the IEEE/ASME International Conference on Advanced Intelligent Mechatronics",
    publisher =	"Piscataway, IEEE",
    pages = 		"683--688",
    address =		"Atlanta, GA",
    month = 		"Sep.",
    year = 		"1999"
)

@Book(slotine97,
    author = 		"J.-J. E. Slotine and W. Li",
    title = 		"Applied Nonlinear Control",
    publisher = 	"Prentice-Hall",
    year = 		"1997"
)

@Inproceedings(astolfi94,
    author = 		"A. Astolfi",
    title = 		"On The Stabilization of Nonholonomic Systems",
    booktitle = 	"Proceedings of the 33rd IEEE Conference on Decision and Control",
    pages = 		"3481--3486",
    publisher =	"Piscataway, IEEE",
    address =		"Lake Buena Vista, FL",
    month = 		"Dec.",
    year = 		"1994"
)

@Book(bacciotti92,
    author = 		"Bacciotti, A.",
    title = 		"Local Stabilization of Nonlinear Control Systems",
    publisher = 	"World Scientific",
    editor =		"N. Bellomo and F. Brezzi",
    series =		"Advances in Mathematics for Applied Sciences",
    volume =		"8",
    year = 		"1992"
)

@Book(unece04,
    title = 		"WORLD ROBOTICS 2004",
    publisher = 	"United Nations Economic Commission for Europe, UNECE",
    address =		"Geneva, Switzerland",
    month =		"Oct.",
    year = 		"2004"
)

@Article(neimark72,
    author = 		"J. I. Neimark and F. A. Fufaev",
    title = 		"Dynamics of Nonholonomic Systems",
    journal = 		"American Mathematical Society Translations of Mathematical Monographs",
    address =		"Providence, RI, USA",
    volume = 		"33",
    pages =		"330--374",
    year = 		"1972"
)

@Book{brockett82,
	author =		"Brockett, R. W.",
	title =		"New Directions in Applied Mathematics",
	publisher =	"Springer-Verlag",
	address =		"New York",
	year =		"1982"
}

@Inproceedings{samson91b,
    author =		"Samson, C. and Ait-Abderrahim, K.",
    title = 		"Feedback Control of a Nonholonomic Wheeled Cart in Cartesian Space",
    booktitle = 	"Proceedings of the IEEE International Conference on Robotics and Automation",
    publisher =	"Piscataway, IEEE",
    address =		"Sacramento, CA",
    pages = 		"1136--1141",
    year = 		"1991"
}


@Article{yamamoto94,
    author =		"Yamamoto, Y. and Yun, X.",
    title = 		"Coordinating Locomotion and Manipulation of a Mobile Manipulator",
    journal = 		"IEEE Transactions on Automatic Control",
    volume =		"39",
    number =		"6",
    address =		"New York",
    pages = 		"1326--1332",
    month =		"June",
    year = 		"1994"
}

@Article{murray97,
    author =		"McCloskey, R. T. and Murray, R. M.",
    title = 		"Exponential Stabilization of Driftless Control Systems Using Homogeneous Feedback",
    journal = 		"IEEE Transactions on Automatic Control",
    volume =		"42",
    number =		"5",
    pages = 		"614--628",
    month =		"May",
    year = 		"1997",
    address =		"New York"
}

%	author =		"Dixon, W. E. and de Queiroz, M. S. and Dawson, D. M. and Flynn, T. J.",
@Article{dixon04,
    author =		"Dixon, W. E. and others",
    title = 		"Adaptive Tracking and Regulation of a Wheeled Mobile Robot with Controller/Update Law Modularity",
    journal = 		"IEEE Control Systems Technology",
    volume =		"12",
    number =		"1",
    pages = 		"138--147",
    month =		"Jan.",
    year = 		"2004",
    address =		"New York"
}

@Incollection{cannon00,
	author =		"Cannon, M. and Kouvaritakis, B.",
	title =		"Continuous-Time Predictive Control of Constrained Nonlinear Systems",
	pages =		"205--215",
	booktitle =	"Nonlinear Model Predictive Control",
	series =		"Progress in Systems and Control Theory",
	volume =		"26",
	editor =		"F. AllgÖwer and A. Zeng",
	publisher =	"Birkh{\"{a}}user Verlag AG",
	address =		"Basel, Switzerland",
	year =		"2000"
}

%	author =		"AllgÖwer, F. and Badgwell, T. A. and Qin, J. S. and Rawlings, J. B. and Wright, S. J.",
@Incollection{allgower99,
	author =		"AllgÖwer, F. and others",
	title =		"Nonlinear Predictive Control and Moving Horizon Estimation: an introductory overview",
	pages =		"391--449",
	booktitle =	"Advances in Control: highlights of {ECC}'99",
	editor =		"P. M. Frank",
	publisher =	"Springer-Verlag",
	address =		"New York",
	year =		"1999"
}

@Article{garcia89,
    author =		"GarcÍa, C. E. and Prett, D. M. and Morari, M.",
    title = 		"Model Predictive Control: theory and practice -- a survey",
    journal = 		"Automatica",
    volume =		"25",
    number =		"3",
    pages = 		"335--348",
    month =		"May",
    year = 		"1989",
    address =		"New York"
}

@Inproceedings{ollero91,
    author =		"Ollero, A. and Amidi, O.",
    title = 		"Predictive Path Tracking of Mobile Robots: application to the {CMU} {N}avlab",
    booktitle = 	"Proceedings of the 5th IEEE International Conference on Advanced Robotics",
    publisher =	"Piscataway, IEEE",
    address =		"Pisa, Italy",
    pages = 		"1081--1086",
    year = 		"1991"
}

@Article{rico99,
    author =		"Normey-Rico, J. E. and J. GÓmez-Ortega and E. F. Camacho",
    title = 		"A Smith-Predictor-Based Generalised Predictive Controller for Mobile Robot Path-Tracking",
    journal = 		"Control Engineering Practice",
    address =		"London",
    volume =		"7",
    number =		"6",
    pages = 		"729--740",
    month =		"June",
    year = 		"1999"
}

@Inproceedings{essen01,
    author =		"Essen, H. V. and Nijmeijer, H.",
    title = 		"Non-Linear Model Predictive Control of Constrained Mobile Robots",
    booktitle = 	"Proceedings of the European Control Conference",
    publisher =	"Porto, FEUP",
    address =		"Porto, Portugal",
    pages = 		"1157--1162",
    year = 		"2001"
}

@inproceedings{dozio03,
	author =		"Dozio, L. and Mantegazza, P.",
	title =		"Linux Real Time Application Interface (RTAI) In Low Cost High Performance Motion Control",
	booktitle =	"Proceedings of the 2003 Motion Control Conference",
	organization =	"Associazione Nazionale Italiana per l'Automazione",
	address =		"Milano, Italy",
	month =		"Mar.",
	year =		"2003",
}

@Inproceedings{barraquand89,
    author =		"Barraquand, J. and Latombe, J-C",
    title = 		"On Nonholonomic Mobile Robots and Optimal Maneuvering",
    booktitle = 	"Proceedings of the 4th IEEE International Symposium on Intelligent Control",
    address =		"Albany, NY",
    publisher =	"Piscataway, IEEE",
    pages = 		"340--347",
    year = 		"1989",
}

@Misc{aburto92,
	author =		"Al Aburto",
	title =		"FLOPS C Program (Double Precision) V2.0 18 Dec 1992",
	month =		"Dec.",
	year =		"1992",
	note = 		"Disponível em: \url{ftp://ftp.nosc.mil/pub/aburto/flops}. Acesso em: Jan. 2005."
}

@Article{henson98,
    author =		"Henson, M. A.",
    title = 		"Nonlinear Model Predictive Control: current status and future directions",
    journal = 		"Computers and Chemical Engineering",
    publisher =	"Oxford, Elsevier",
    volume =		"23",
    number =		"2",
    pages = 		"187--202",
    month =		"Dec.",
    year = 		"1998",
    address =		"New York"
}

%	author =		"Mayne, D. Q. and Rawlings, J. B. and Rao, C. V. and Scokaert, P. O. M.",
@Article{mayne00,
    author =		"Mayne, D. Q. and others",
    title = 		"Constrained Model Predictive Control: stability and optimality",
    journal = 		"Automatica",
    volume =		"36",
    number =		"6",
    pages = 		"789--814",
    month =		"June",
    year = 		"2000",
    address =		"New York"
}

@Article{chen82,
	author =		"C. C. Chen and L. Shaw",
   	title = 		"On Receding Horizon Feedback Control",
    	journal = 	"Automatica",
    	volume =		"18",
    	number =		"3",
    	pages = 		"349--352",
    	month =		"May",
    	year = 		"1982",
    	address =		"New York"
}

@Book{sontag90,
	author =		"Sontag, E. D.",
	title =		"Mathematical Control Theory. Deterministic Finite Dimensional Systems",
	publisher =	"Springer-Verlag",
	address =		"New York",
	year =		"1990"
}

@Book{camacho99,
	author =		"Camacho, E. F. and Bordons, C.",
	title =		"Model Predictive Control",
	series =		"Advanced Textbooks in Control and Signal Processing",
	publisher =	"Springer-Verlag",
	address =		"London",
	year =		"1999"
}

@Article{weisbin94,
	author =		"C. R. Weisbin and D. Lavery",
   	title = 		"NASA Rover and Telerobotics Technology Program",
    	journal = 	"IEEE Robotics \& Automation Magazine",
    	volume =		"1",
    	number =		"4",
    	pages = 		"14--21",
    	month =		"Dec.",
    	year = 		"1994",
    	address =		"New York"
}

%	author =		"F. KÜhne and C. Claro and S. R. Suess and W. F. Lages",
@Inproceedings(kuhne04a,
    author =		"F. KÜhne and others",
    title =		"Estimação e Controle da Posição de um Robô Móvel Utilizando Filtro de Kalman Descentralizado",
    booktitle =	"15o. Congresso Brasileiro de AutomÁtica",
    publisher=		"Porto Alegre, UFRGS",
    address =		"Gramado, RS",
    month =		"Set.",
    year =		"2004"
)


@Inproceedings(lages98b,
    author =		"W. F. Lages and E. F. Hemerly",
    title =		"Smooth Time-Invariant Control of Wheeled Mobile Robots",
    booktitle =	"Proceedings of the 13rd International Congress on Systems Science",
    address =		"Wroclaw, Poland",
    month =		"Sep.",
    year =		"1998"
)


@Inproceedings{samson90,
   	author =		"Samson, C.",
    	title = 		"Velocity and Torque Feedback Control of a Nonholonomic Cart",
    	booktitle =	"Proceedings of the International Workshop in Adaptive and Nonlinear Control: issues in robotics",
	editor =		"Wit, C. C.",
	publisher =	"London, Springer-Verlag",
	address =		"Grenoble, France",
	year =		"1990"
}

@Inproceedings(chacal94,
    	author =		"J. A. Chacal and H. Sira-RamÍrez",
    	title = 		"On the Sliding Mode Control of Wheeled Mobile Robots",
    	booktitle =	"Proceedings of the IEEE International Conference on Systems, Man \& Cybernetics -- Humans, Information and Technology",
    	publisher =	"Piscataway, IEEE",
    	pages =		"1938--1943",
    	address =		"Texas",
    	month =		"Sep.",
    	year =		"1994"
)

%	number =		"192",
@Incollection{gurvits93,
	author =		"L. Gurvits and Z. Li",
	title =		"Smooth Time-Periodic Feedback Solutions for Nonholonomic Motion Planning",
	pages =		"53--108",
	booktitle =	"Nonholonomic Motion Planning",
	volume =		"26",
	editor =		"Z. Li and J. Canny",
	publisher =	"Kluwer Academic Publishers",
	series =		"Kluwer International Series in Engineering and Computer Science, 192",
	address =		"Boston, MA",
	year =		"1993"
}

@Article{chwa04,
	author =		"D. Chwa",
   	title = 		"Sliding-Mode Tracking Control of Nonholonomic Wheeled Mobile Robots in Polar Coordinates",
    	journal = 	"IEEE Transactions on Control Systems Technology",
    	volume =		"12",
    	number =		"4",
    	pages = 		"637--644",
    	month =		"July",
    	year = 		"2004",
    	address =		"Piscataway, NJ"
}

%	series =		"Progress in Systems and Control Theory",
@Incollection{qin00,
	author =		"S. J. Qin and T. A. Badgwell",
	title =		"An Overview of Nonlinear Model Predictive Control Applications",
	pages =		"369--393",
	booktitle =	"Nonlinear Model Predictive Control",
	volume =		"26",
	number =		"",
	editor =		"F. AllgÖwer and A. Zheng",
	publisher =	"Birkhäuser Verlag",
	address =		"Basel, Switzerland",
	year =		"2000"
}

@Article(teel95,
    author = 		"A. R. Teel and R. M. Murray and G. C. Walsh",
    title = 		"Non-holonomic Control Systems: from steering to stabilization with sinusoids",
    journal = 		"International Journal of Control",
    volume = 		"62",
    number =		"4",
    pages = 		"849--870",
    year = 		"1995",
)

%    author = 		"C. {CANUDAS DE WIT} and B. Siciliano and G. Bastin",
@Book(canudas96,
    author = 		"WIT, Carlos Canudas and B. Siciliano and G. Bastin",    
    title = 		"Theory of Robot Control",
    publisher = 	"Springer-Verlag",
    address =		"London",
    year = 		"1996"
)

@Article(astolfi96,
    author = 		"A. Astolfi",
    title = 		"Discontinuous Control of Nonholonomic Systems",
    journal = 		"Systems \& Control Letters",
    volume = 		"27",
    pages =		"37--45",
    year = 		"1996"
)

@Article{murray93,
    author =		"M. Murray and S. S. Sastry",
    title = 		"Nonholonomic Motion Planning: steering using sinusoids",
    journal = 		"IEEE Transactions on Automatic Control",
    volume =		"38",
    number =		"5",
    address =		"New York",
    pages = 		"700--717",
    month =		"May",
    year = 		"1994"
}

%	author =		"J. Richalet and A. Rault and J. L. Testud and J. Papon",
@Inproceedings(richalet76,
    author =		"J. Richalet and others",
    title =		"Algorithmic Control of Industrial Processes",
    booktitle =	"Proceedings of the 4th IFAC Symposium on Identification and System Parameter Estimation",
    address =		"Tucson, AZ",
    pages =		"1119--1167",
    month =		"Dec.",
    year =		"1976"
)

@Book(lee67,
    author = 		"E. B. Lee and L. Markus",
    title = 		"Foundations of Optimal Control Theory",
    publisher = 	"John Wiley and Sons",
    address =		"New York",
    year = 		"1967"
)

@Article{rawlings00,
    author =		"J. B. Rawlings",
    title = 		"Tutorial Overview of Model Predictive Control",
    journal = 		"IEEE Control Systems Magazine",
    volume =		"20",
    number =		"3",
    address =		"New York",
    pages = 		"38--52",
    month =		"June",
    year = 		"2000"
}

%	series =		"AlChe Symposium Series",
@Inproceedings{qin97,
	author =		"S. J. Qin and T. A. Badgwell",
	title =		"An Overview of Industrial Model Predictive Control Technology",
	pages =		"232--256",
	booktitle =	"Proceedings of the 5th International Conference on Chemical Process Control",
	volume =		"93",
	number =		"316",
	editor =		"J. C. Kantor and C. E. Garcia and B. Carnahan",
	publisher =	"USA, AlChe",
	year =		"1997",
	address =		"Tahoe City, CA"	
}

@Inproceedings(cutler80,
    author =		"C. R. Cutler and B. L. Ramacker",
    title =		"Dynamic Matrix Control: a computer control algorithm",
    booktitle =	"Proceedings of the Joint Automatic Control Conference",
    address =		"San Francisco, CA",
    publisher =	"Piscataway, IEEE",
    pages =		"1119--1167",
    year =		"1980"
)

@Article{clarke87,
    author =		"D. W. Clarke and C. Mohtadi and P. S. Tuffs",
    title = 		"Generalised Predictive Control -- Part I. the basic algoritm",
    journal = 		"Automatica",
    volume =		"23",
    number =		"2",
    pages = 		"137--148",
    month =		"Mar.",
    year = 		"1987",
    address =		"New York"
}

@Article{garcia86,
    author =		"C. E. Garcia and A. M. Morshedi",
    title = 		"Quadratic Programming Solution of Dynamic Matrix Control (QDMC)",
    journal = 		"Chemical Engineering Communications",
    pages = 		"73--87",
    year = 		"1986",
    address =		"New York"
}

@Article{dynamic96,
    author =		"{DYNAMIC Optimization Technology Products}",
    title = 		"Technical Description of NOVA Nonlinear Controller",
    journal = 		"Hydrocarbon Processing, Issue on Advanced Control and Information Systems",
    year = 		"1996",
    address =		"Houston, TX"
}

@Inproceedings(martin97,
    author =		"G. Martin",
    title =		"Nonlinear Model Predictive Control with Integrated Steady-State Model-based Optimization",
    booktitle =	"Proceedings of the AlChE National Meeting",
    publisher =	"USA, AlChe",
    address =		"Houston, TX",
    year =		"1997"
)

@Article{keerthi88,
	author =		"S. S. Keerthi and E. G. Gilbert",
   	title = 		"Optimal, Infinite Horizon Feedback Laws for a General Class of Constrained Discrete Time Systems: stability and moving-horizon approximations",
    	journal = 	"Journal of Optimization Theory and Application",
    	publisher =	"New York, Kluwer Academic",
    	volume =		"57",
    	pages = 		"265--293",
    	year = 		"1988",
    	address =		"New York"
}

@Article{mayne90,
    author =		"Mayne, D. Q. and H. Michalska",
    title = 		"Receding Horizon Control of Nonlinear Systems",
    journal = 		"IEEE Transactions on Automatic Control",
    volume =		"35",
    number =		"7",
    pages = 		"789--814",
    month =		"July",
    year = 		"1990",
    address =		"New York"
}

@Book(bitmead90,
    author = 		"R. R. Bitmead and M. Gevers and V. Wertz",
    title = 		"Adaptive Nonlinear Control: the thinking man's GPC",
    publisher = 	"Prentice Hall",
    address =		"Englewood Cliffs, NJ",
    year = 		"1990"
)

@Article{chen98,
    author =		"C. C. Chen and F. AllgÖwer",
    title = 		"A Quasi-Infinite Horizon Nonlinear Nodel Predictive Control with Guaranteed Stability",
    journal = 		"Automatica",
    volume =		"34",
    number =		"10",
    pages = 		"1205--1217",
    month =		"Oct.",
    year = 		"1998",
    address =		"New York"
}

@Article{michalska93,
    author =		"H. Michalska and D. Q. Mayne",
    title = 		"Robust Receding Horizon Control of Constrained Nonlinear Systems",
    journal = 		"IEEE Transactions on Automatic Control",
    volume =		"38",
    number =		"11",
    pages = 		"1623--1632",
    month =		"Nov.",
    year = 		"1993",
    address =		"New York"
}

@Inproceedings(morari97,
    author =		"M. Morari and J. H. Lee",
    title =		"Model Predictive Control: past, present and future",
    booktitle =	"Proceedings of the 6th International Symsposium on Process Systems Engineering and 30th European Symposium on Computer Aided Process Engineering",
    publisher =	"Elsevier", 
    address =		"Trondheim, Norway",
    month =		"May",
    year =		"1997"
)

%	author =		"C. {CANUDAS DE WIT} and H. Khennouf and C. Samson and O. J. S{\o}rdalen",
%	author =		"C. {CANUDAS DE WIT} and others",
@Inbook{canudas93,
	author =		"WIT, Carlos Canudas and others",
	title =		"Nonlinear Control Design for Mobile Robots",
	chapter =		"5",
	pages =		"121--157",
	publisher =	"World Scientific Publisher",
	address =		"Singapore",
	series =		"Recent Trends in Mobile Robots",
	year =		"1993"
}

@Inproceedings(kuhne04b,
    author =		"F. KÜhne and W. F. Lages and J. M. {GOMES DA SILVA JR.}",
    title =		"Model Predictive Control of a Mobile Robot Using Linearization",
    booktitle =	"Proceedings of the 4th IEEE International Conference on Mechatronics and Robotics",
    publisher =	"Piscataway, IEEE",
    address =		"Aachen, Germany",
    month =		"Sep.",
    year =		"2004"
)

@Inproceedings(dekeyser85,
    author =		"R. M. C. DE {KEYSER} and A. R. {VAN CUAWENBERGHE}",
    title =		"Extended Prediction Self-Adaptive Control",
    booktitle =	"Proceedings of the IFAC Symposium on Identification and Systems Parameter Estimation",
    address =		"York, UK",
    publisher =	"UK, IFAC",
    year =		"1985"
)

@Book(kwakernaak72,
    author = 		"H. Kwakernaak and R. Sivan",
    title = 		"Linear Optimal Control Systems",
    publisher = 	"Wiley Interscience",
    address =		"New York",
    year = 		"1972"
)

@Inproceedings(oliveira03,
    author =		"G. H. C. Oliveira and J. R. H. Carvalho",
    title =		"A Non-Linear Predictive Controle Scheme for Nonholonomic Mobile Robots",
    booktitle =	"Proceedings of the 7th International Symposium on Robot Control",
    address =		"Wroclaw, Poland",
    month =		"Sep.",
    year =		"2003"
)

%	author =		"D. R. RamÍrez and D. LimÓn and J. GÓmez-Ortega and E. F. Camacho",
@Inproceedings(ramirez99,
    author =		"D. R. RamÍrez and others",
    title =		"Nonlinear MBPC for Mobile Robots Navigation Using Genetic Algorithms",
    booktitle =	"Proceedings of the IEEE International Conference on Robotics \& Automation",
    publisher =	"Piscataway, IEEE",
    address =		"Detroit, MI",
    month =		"May",
    year =		"1999"
)

@Inproceedings(yang98,
    author =		"X. Yang and K. He and M. Guo and B. Zhang",
    title =		"An Intelligent Predictive Control Approach to Path Tracking Problem of Autonomous Mobile Robot",
    booktitle =	"Proceedings of the IEEE International Conference on Systems, Man, and Cybernetics",
    address =		"San Diego, CA",
    publisher =	"Piscataway, IEEE",
    month =		"Oct.",
    year =		"1998"
)

@Inproceedings(kim01,
    author =		"B. Kim and D. Necsulescu and J. Sasiadek",
    title =		"Model Predictive Control of an Autonomous Vehicle",
    booktitle =	"Proceedings of the IEEE/ASME International Conference on Advanced Intelligent Mechatronics",
    publisher =	"Piscataway, IEEE",
    address =		"Como, Italy",
    month =		"July",
    year =		"2001"
)

@Article(ortega96,
    author =		"J. GÓmez-Ortega and E. F. Camacho",
    title =		"Mobile Robot Navigation in a Partially Structured Static Environment Using Neural Predictive Control",
    journal =		"Control Engineering Practice",
    volume =		"4",
    number =		"12",
    pages =		"1669--1679",
    month =		"Dec.",
    year =		"1996",
    address =		"Oxford"
)

@Book(rossiter03,
    author = 		"J. A. Rossiter",
    title = 		"Model Based Predictive COntrol: a practical approach",
    publisher = 	"CRC Press",
    address =		"Boca Ratón, FL",
    year = 		"2003"
)

@Article(bullo00,
    author =		"F. Bullo and N. E. Leonard and A. D. Lewis",
    title =		"Controllability and Motion Algorithms for Underactuated Lagrangian Systems on Lie Groups",
    journal =		"IEEE Transactions on Automatic Control",
    address =		"New York",
    volume =		"45",
    number =		"8",
    pages =		"1437--1454",
    month =		"Aug.",
    year =		"2000",
)

%	author =		"A. Bemporad and M. Morari and V. Dua and E. N. Pistikopoulos",
@Article{bemporad02,
    author =		"A. Bemporad and others",
    title = 		"The Explicit Linear Quadratic Regulator for Constrained Systems",
    journal = 		"Automatica",
    volume =		"38",
    number =		"1",
    pages = 		"3--20",
    month =		"Jan.",
    year = 		"2002",
    address =		"New York"
}

@Article{tondel03,
    author =		"P. T{\o}ndel and T. A. Johansen and A. Bemporad",
    title = 		"An Algorithm for Multi-Parametric Quadratic Programming and Explicit MPC Solutions",
    journal = 		"Automatica",
    volume =		"39",
    number =		"3",
    address =		"New York",
    pages = 		"489--497",
    month =		"Mar.",
    year = 		"2003"
}

@Article{henrion04,
    author =		"D. Henrion and J.-B. Lasserre",
    title = 		"Solving Nonconvex Optimization Problems",
    journal = 		"IEEE Control Systems Magazine",
    volume =		"24",
    number =		"3",
    address =		"New York",
    pages = 		"72--83",
    month =		"June",
    year = 		"2004"
}

@Article{oriolo02,
	author =		"G. Oriolo and A. De Luca and Marilena Vendittelli",
   	title = 		"WMR Control Via Dynamic Feedback Linearization: design, implementation and experimental validation",
    	journal = 	"IEEE Transactions on Control Systems Technology",
    	volume =		"10",
    	number =		"6",
    	pages = 		"835--852",
    	month =		"Nov.",
    	year = 		"2002",
    	address =		"New York"
}

%	series =		"Progress in Systems and Control Theory",
@Incollection{jorge00,
	author =		"Trierweiler, J. O. and Secchi, A. R.",
	title =		"Exploring the Potentiality of Using Multiple Model Approach in Nonlinear Model Predictive Control",
	pages =		"191--203",
	booktitle =	"Nonlinear model predictive control",
	volume =		"26",
	editor =		"F. AllgÖwer and A. Zeng",
	publisher =	"Birkh{\"{a}}user Verlag AG",
	address =		"Basel, Switzerland",
	year =		"2000"
}

@Mastersthesis(duraiski01,
    author =		"Duraiski, R. G.",
    title =		"Controle Preditivo Não Linear Utilizando Linearizações Sucessivas ao Longo da Trajetória",
    school =		"Departamento de Engenharia Química, Universidade Federal do Rio Grande do Sul",
    type=			"Dissertação (Mestrado em engenharia química)",
    address =		"Porto Alegre, RS",
    year =		"2001"
)

@Book(isidori95,
    author = 		"A. Isidori",
    title = 		"Nonlinear Control Systems",
    publisher = 	"Springer Verlag",
    address =		"New York",
    edition = 		"3",
    year = 		"1995"
)

@Article(oliveira00,
    author =		"Kothare, S. L. De Oliveira and M. Morari",
    title =		"Contractive Model Predictive Control for Constrained Nonlinear Systems",
    journal =		"IEEE Transactions on Automatic Control",
    volume =		"45",
    number =		"6",
    pages =		"1053--1071",
    month =		"June",
    year =		"2000",
    address =		"New York"
)

%	author =		"Sakagami, Y. and Watanabe, R and Aoyama, C and Matsunaga, S and Higaki, N. and Fujimura, K.",
@Inproceedings(sakagami02,
    author =		"Sakagami, Y. and others",
    title =		"The Intelligent ASIMO: system overview and integration",
    booktitle =	"Proceedings of the IEEE/RSJ International Conference on Intelligent Robots and Systems",
    publisher =	"Piscataway, IEEE",
    address =		"Lausanne, Switzerland",
    month =		"Oct.",
    year =		"2002"
)

%	author = 		"Matthies, L. and Xiong, Y. and Hogg, R. and Zhu, D. and Rankin, A. and Kennedy, B.",
@Inproceedings(matthies02,
    author = 		"Matthies, L. and others",
    title = 		"A Portable, Autonomous, Urban Reconnaissance Robot",
    booktitle = 	"Proceedings of the 6th International Conference on Intelligent Autonomous Systems",
    publisher =	"Amsterdam, IOS Press",
    month = 		"July",
    year = 		"2000",
    address =		"Venice, Italy",
    note =		"Disponível em: \url{http://robotics.jpl.nasa.gov/tasks/tmr/papers/UrbanRobotPaper0700.pdf}. Acesso em: Fev. 2005."
)

@Article(sun05,
    author =		"S. Sun",
    title =		"Designing Approach on Trajectory Tracking Control of Mobile Robot",
    journal =		"Robotics and Computer-Integrated Manufacturing",
    volume =		"21",
    number =		"1",
    pages =		"81--85",
    address =		"New York, Elsevier",
    month =		"Feb.",
    year =		"2005"
)

@Book(luenberger89,
    author = 		"David G. Luenberger",
    title = 		"Linear and Nonlinear Programming",
    publisher = 	"Addison-Wesley",
    address =		"Reading, MA",
    edition = 		"2",
    year = 		"1989"
)

@Article(broyden70,
    author =		"C. G. Broyden",
    title =		"The Convergence Of a Class of Double-Rank Minimization Algorithms",
    journal =		"Journal of the Institute of Mathematics and Its Applications",
    volume =		"6",
    pages =		"76--90",
    address =		"London, Oxford University Press",
    year =		"1970"
)

@Article(fletcher70,
    author =		"R. Fletcher",
    title =		"A New Approach to Variable Metric Algorithms",
    journal =		"Computer Journal",
    volume =		"13",
    pages =		"317--322",
    year =		"1970"
)

@Article(goldfarb70,
    author =		"D. Goldfarb",
    title =		"A Family of Variable Metric Updates Derived by Variational Means",
    journal =		"Mathematics of Computing",
    volume =		"24",
    pages =		"23--26",
    year =		"1970"
)

@Article(Shanno70,
    author =		"D. F. Shanno",
    title =		"Conditioning of Quasi-Newton Methods for Function Minimization",
    journal =		"Mathematics of Computing",
    volume =		"24",
    pages =		"647--656",
    year =		"1970"
)

@Article(gil81,
    author =		"P. E. Gil and W. Murray and M. H. Wright",
    title =		"Practical Optimization",
    journal =		"Mathematics of Computing",
    volume =		"24",
    pages =		"23--26",
    year =		"1970"
)

@Book(fletcher87,
    author = 		"R. Fletcher",
    title =		"Practical Methods of Optimization",
    publisher = 	"John Wiley",
    year = 		"1981"
)

@Article(hock83,
    author =		"W. Hock and K. Schittkowski",
    title =		"A Comparative Performance Evaluation of 27 Linear Programming Codes",
    journal =		"Computing",
    volume =		"30",
    pages =		"335",
    year =		"1983"
)